
@book{cengel_termodinamica_2012,
	address = {México, D.F.},
	edition = {Séptima},
	title = {Termodinámica},
	isbn = {978-607-15-0743-3},
	language = {Español},
	publisher = {McGraw-Hill/Interamericana Editores, S.A. de C.V.},
	author = {Çengel, Yunus A. and Boles, Michael A.},
	year = {2012},
	file = {Termodinámica [7ma Edición].pdf:C\:\\Users\\juans\\Zotero\\storage\\6BTQMGCJ\\Termodinámica [7ma Edición].pdf:application/pdf}
}

@misc{gracia_c_iq3201_2020,
	address = {Santiago, Chile},
	type = {Curso {Departamento} de {Ingeniería} {Química}, {Biotecnología} y {Materiales}},
	title = {{IQ3201} {Termodinámica} {Aplicada}},
	language = {Español},
	author = {Gracia C., Francisco and Caroca Paredes, F. Andrés and Fuentes P., Ismael and Vergara Z., Javiera and Hernández, Alfredo},
	month = jul,
	year = {2020},
	note = {Facultad de Ciencias Físicas y Matemáticas, Universidad de Chile}
}
